@manual{1,
  title        = "Coastal Engineering Manual",
  organization = "U.S. Army Corps of Engineers.",
  address      = "Washington, D.C.",
  year         = "2002"
}

@misc{2,
  author = "U.S. Army Corps of Engineers",
  title  = "Wave Information Studies",
  url    = "http://wis.usace.army.mil/"
}

@misc{3,
  author       = "NOAA",
  title        = "Narragansett bay including newport harbor chart: 13223.",
  howpublished = "Internet",
  year         = "2014",
  url          = "http://www.charts.noaa.gov/OnLineViewer/13223.shtml"
}